@online{exploit:01,
  author = {Dawid Golunski},
  title = {Nagios prior to 4.2.2 - Arbitrary Code Execution},
  year = 2016,
  url = {https://legalhackers.com/advisories/Nagios-Exploit-Command-Injection-CVE-2016-9565-2008-4796.html},
  urldate = {2016-12-18}
}
@online{exploit:02,
  author = {Dawid Golunski},
  title = {Nagios Core prior to 4.2.4 - Root Privilege Escalation},
  year = 2016,
  url = {https://legalhackers.com/advisories/Nagios-Exploit-Command-Injection-CVE-2016-9565-2008-4796.html},
  urldate = {2016-12-18}
}